<collection xmlns="http://www.loc.gov/MARC21/slim">
   <record>
      <leader>03526cam a2200505 i 4500</leader>
      <controlfield tag="001">6769161</controlfield>
      <controlfield tag="003">OCoLC</controlfield>
      <controlfield tag="005">20141217172813.0</controlfield>
      <controlfield tag="008">140530s2015    caua     b    001 0 eng  </controlfield>
      <datafield ind1=" " ind2=" " tag="010">
         <subfield code="a">  2014014478</subfield>
      </datafield>
      <datafield ind1=" " ind2=" " tag="015">
         <subfield code="a">GBB484784</subfield>
         <subfield code="2">bnb</subfield>
      </datafield>
      <datafield ind1="7" ind2=" " tag="016">
         <subfield code="a">016822542</subfield>
         <subfield code="2">Uk</subfield>
      </datafield>
      <datafield ind1=" " ind2=" " tag="020">
         <subfield code="a">9781452217383 (pbk. : alk. paper)</subfield>
      </datafield>
      <datafield ind1=" " ind2=" " tag="020">
         <subfield code="a">1452217386 (pbk. : alk. paper)</subfield>
      </datafield>
      <datafield ind1="8" ind2=" " tag="024">
         <subfield code="a">40023934470</subfield>
      </datafield>
      <datafield ind1=" " ind2=" " tag="035">
         <subfield code="a">ocn880831141</subfield>
      </datafield>
      <datafield ind1=" " ind2=" " tag="040">
         <subfield code="a">DLC</subfield>
         <subfield code="b">eng</subfield>
         <subfield code="e">rda</subfield>
         <subfield code="c">DLC</subfield>
         <subfield code="d">YDX</subfield>
         <subfield code="d">YDXCP</subfield>
         <subfield code="d">LTSCA</subfield>
         <subfield code="d">OCLCF</subfield>
         <subfield code="d">UKMGB</subfield>
         <subfield code="d">CHVBK</subfield>
         <subfield code="d">OCLCO</subfield>
         <subfield code="d">YUS</subfield>
         <subfield code="d">CLU</subfield>
         <subfield code="d">STF</subfield>
         <subfield code="d">EEK</subfield>
         <subfield code="d">UAB</subfield>
      </datafield>
      <datafield ind1=" " ind2=" " tag="042">
         <subfield code="a">pcc</subfield>
      </datafield>
      <datafield ind1=" " ind2=" " tag="043">
         <subfield code="a">n-us---</subfield>
      </datafield>
      <datafield ind1="0" ind2="0" tag="050">
         <subfield code="a">HQ75.28.U6</subfield>
         <subfield code="b">M49 2015</subfield>
      </datafield>
      <datafield ind1="0" ind2="0" tag="082">
         <subfield code="a">306.874086/6</subfield>
         <subfield code="2">23</subfield>
      </datafield>
      <datafield ind1=" " ind2=" " tag="090">
         <subfield code="a">HQ 75.28 U6 M49 2015</subfield>
         <subfield code="b">AEU</subfield>
      </datafield>
      <datafield ind1=" " ind2=" " tag="090">
         <subfield code="a">HQ75.28 .U6 M49 2015</subfield>
         <subfield code="b">AEGMCT</subfield>
      </datafield>
      <datafield ind1="1" ind2=" " tag="100">
         <subfield code="a">Mezey, Nancy J.,</subfield>
         <subfield code="d">1965-</subfield>
         <subfield code="e">author.</subfield>
         <subfield code="0">http://id.loc.gov/authorities/names/n2008001249</subfield>
         <subfield code="0">http://viaf.org/viaf/81437840</subfield>
      </datafield>
      <datafield ind1="1" ind2="0" tag="245">
         <subfield code="a">LGBT families /</subfield>
         <subfield code="c">Nancy J. Mezey (Monmouth University).</subfield>
      </datafield>
      <datafield ind1="3" ind2=" " tag="246">
         <subfield code="a">Lesbian, gay, bisexual, transgender families</subfield>
      </datafield>
      <datafield ind1=" " ind2="1" tag="264">
         <subfield code="a">Los Angeles :</subfield>
         <subfield code="b">SAGE,</subfield>
         <subfield code="c">[2015]</subfield>
      </datafield>
      <datafield ind1=" " ind2=" " tag="300">
         <subfield code="a">xv, 213 pages :</subfield>
         <subfield code="b">illustrations ;</subfield>
         <subfield code="c">23 cm.</subfield>
      </datafield>
      <datafield ind1=" " ind2=" " tag="336">
         <subfield code="a">text</subfield>
         <subfield code="b">txt</subfield>
         <subfield code="2">rdacontent</subfield>
         <subfield code="0">http://id.loc.gov/vocabulary/contentTypes/txt</subfield>
      </datafield>
      <datafield ind1=" " ind2=" " tag="337">
         <subfield code="a">unmediated</subfield>
         <subfield code="b">n</subfield>
         <subfield code="2">rdamedia</subfield>
         <subfield code="0">http://id.loc.gov/vocabulary/mediaTypes/n</subfield>
      </datafield>
      <datafield ind1=" " ind2=" " tag="338">
         <subfield code="a">volume</subfield>
         <subfield code="b">nc</subfield>
         <subfield code="2">rdacarrier</subfield>
         <subfield code="0">http://id.loc.gov/vocabulary/carriers/nc</subfield>
      </datafield>
      <datafield ind1="1" ind2=" " tag="490">
         <subfield code="a">Contemporary family perspectives</subfield>
      </datafield>
      <datafield ind1=" " ind2=" " tag="504">
         <subfield code="a">Includes bibliographical references (pages 175-204) and index.</subfield>
      </datafield>
      <datafield ind1="0" ind2=" " tag="505">
         <subfield code="a">1. LGBT families : Deconstructing and defining terms ; A brief history of the development of LGBT families ; Remaining barriers for LGBT families ; Plan of the book -- 2. Marriage : The struggle for marriage equality ; The importance of marriage to LGBT families ; The LGBT argument against marriage for LGBT people ; The hererosexual backlash against marriage equality ; What we gain from marriage equality -- 3. LGBT parents : Parents becoming LGBT ; LGBT people becoming parents ; LGBT parenting experiences and issues ; What we know about LGBT grandparents ; What we learn from LGBT parents -- 4. LGBT youth : Youth coming to terms with LGBT identities ; Parental responses to, reactions by, and consequences for LGBT children ; Responses of other social institutions to LGBT Youth ; What we learn from LGBT youth -- 5. Intimate partner violence : Prevalence of IPV within LGBT relationships ; Causes of IPV within LGBT relationships ; Issues of IPV specific to LGBT people ; What we learn from LGBT IPV -- 6. Learning from LGBT families : Lessons learned from studying LGBT families ; How LGBT families benefit society ; Suggestions for strengthening LGBT families.</subfield>
      </datafield>
      <datafield ind1=" " ind2=" " tag="596">
         <subfield code="a">29 43</subfield>
      </datafield>
      <datafield ind1=" " ind2="0" tag="650">
         <subfield code="a">Gay parents</subfield>
         <subfield code="z">United States.</subfield>
         <subfield code="0">http://id.loc.gov/authorities/subjects/sh2008117802</subfield>
      </datafield>
      <datafield ind1=" " ind2="0" tag="650">
         <subfield code="a">Gay couples</subfield>
         <subfield code="z">United States.</subfield>
         <subfield code="0">http://id.loc.gov/authorities/subjects/sh2008117800</subfield>
      </datafield>
      <datafield ind1=" " ind2="0" tag="650">
         <subfield code="a">Lesbian couples</subfield>
         <subfield code="z">United States.</subfield>
         <subfield code="0">http://id.loc.gov/authorities/subjects/sh2009129542</subfield>
      </datafield>
      <datafield ind1=" " ind2="0" tag="650">
         <subfield code="a">Sexual minorities' families</subfield>
         <subfield code="z">United States.</subfield>
      </datafield>
      <datafield ind1=" " ind2=" " tag="758">
         <subfield code="0">http://worldcat.org/entity/work/id/23960298</subfield>
      </datafield>
      <datafield ind1="0" ind2=" " tag="787">
         <subfield code="n">OCLC Work Id</subfield>
         <subfield code="o">http://worldcat.org/entity/work/id/23960298</subfield>
      </datafield>
      <datafield ind1=" " ind2="0" tag="830">
         <subfield code="a">Contemporary family perspectives.</subfield>
         <subfield code="0">http://id.loc.gov/authorities/names/no2011141342</subfield>
      </datafield>
      <datafield ind1=" " ind2=" " tag="949">
         <subfield code="a">HQ 75.28 U6 M49 2015</subfield>
         <subfield code="c">1</subfield>
         <subfield code="h">UAHS-B</subfield>
         <subfield code="i">0162035210903</subfield>
      </datafield>
      <datafield ind1=" " ind2=" " tag="926">
         <subfield code="a">HQ 75.28 U6 M49 2015</subfield>
         <subfield code="w">LC</subfield>
         <subfield code="c">1</subfield>
         <subfield code="i">0162035210903</subfield>
         <subfield code="l">ON_SHELF</subfield>
         <subfield code="m">UAHSS</subfield>
         <subfield code="p">$150.00</subfield>
         <subfield code="r">Y</subfield>
         <subfield code="s">Y</subfield>
         <subfield code="t">BOOK</subfield>
         <subfield code="u">1/9/2015</subfield>
      </datafield>
      <datafield ind1=" " ind2=" " tag="926">
         <subfield code="a">HQ75.28 .U6 M49 2015</subfield>
         <subfield code="w">LC</subfield>
         <subfield code="c">1</subfield>
         <subfield code="i">1007435694</subfield>
         <subfield code="d">2/10/2015</subfield>
         <subfield code="l">ON_SHELF</subfield>
         <subfield code="m">GR_MACEWAN</subfield>
         <subfield code="p">$28.80</subfield>
         <subfield code="r">Y</subfield>
         <subfield code="s">Y</subfield>
         <subfield code="t">BOOK</subfield>
         <subfield code="u">1/28/2015</subfield>
      </datafield>
   </record>
</collection>
